@misc{VS1,
	author = {Stefan Fischer},
	title = {Einf√ºhrung},
	note = {Kapitel 1},
	year = {2014}
}